%%%%%%%%%%% sample1.bib %%%%%%%%%%%%%%%%%%%
@article{RefWorks:10,
	author={Andreas Bauer and Martin Leucker and Christian Schallhart},
	year={2011},
	title={Runtime verification for LTL and TLTL},
	journal={ACM Transactions on Software Engineering and Methodology (TOSEM)},
	volume={20},
	number={4},
	pages={14}
}

@article{RefWorks:12,
	author={Andreas Bauer and Martin Leucker and Christian Schallhart},
	year={2010},
	title={Comparing LTL semantics for runtime verification},
	journal={Journal of Logic and Computation},
	volume={20},
	number={3},
	pages={651-674}
}

@inbook{RefWorks:11,
	author={Edward Chang and Zohar Manna and Amir Pnueli},
	year={1992},
	title={Characterization of temporal property classes},
	series={Automata, Languages and Programming},
	publisher={Springer},
	pages={474-486}
}

@article{RefWorks:9,
	author={Ylies Falcone and Jean-Claude Fernandez and Laurent Mounier},
	year={2012},
	title={What can you verify and enforce at runtime?},
	journal={International Journal on Software Tools for Technology Transfer},
	volume={14},
	number={3},
	pages={349-382}
}
@inproceedings{RefWorks:15,
	author={Andreas Bauer and Martin Leucker and Christian Schallhart},
	year={2007},
	title={The good, the bad, and the ugly, but how ugly is ugly?},
	booktitle={Runtime Verification},
	publisher={Springer},
	pages={126-138}
}

@inproceedings{RefWorks:17,
	author={Andreas Morgenstern and Manuel Gesell and Klaus Schneider},
	year={2012},
	title={An asymptotically correct finite path semantics for LTL},
	booktitle={Logic for Programming, Artificial Intelligence, and Reasoning},
	publisher={Springer},
	pages={304-319}
}

@inproceedings{RefWorks:18,
	author={Amir Pnueli},
	year={1977},
	title={The temporal logic of programs},
	booktitle={Foundations of Computer Science, 1977., 18th Annual Symposium on},
	publisher={IEEE},
	pages={46-57}
}

@inproceedings{RefWorks:14,
	author={Scott D. Stoller and Ezio Bartocci and Justin Seyster and Radu Grosu and Klaus Havelund and Scott A. Smolka and Erez Zadok},
	year={2012},
	title={Runtime verification with state estimation},
	booktitle={Runtime Verification},
	publisher={Springer},
	pages={193-207}
}

 
%%%%%%%%%%%%%% end %%%%%%%%%%%%%%%%%%%%
%%
